%% -*- fill-column: 1000; -*-

@Online{bib:3hf0kuo0,
  author       = {Khawaja, Jemayel},
  title        = {The 300-year journey from classical standard to gay disco anthem to the most iconic anthem in soccer},
  date         = 2016,
  url          = {https://web.archive.org/web/20170112052350/http://deadspin.com/the-300-year-journey-from-classical-standard-to-gay-dis-1789831401},
  urldate      = {2024-08-03}
}

@Online{bib:4dsv5d40,
  author       = {{Pet Shop Boys}},
  title        = {Go West},
  date         = 2009,
  url          = {https://www.youtube.com/watch?v=LNBjMRvOB5M},
  subtitle     = {(Official video) [HD remastered]},
  urldate      = {2024-08-03}
}

@Online{bib:4lizl8c7,
  author       = {{CÃ´r y Brythoniaid}},
  title        = {Brythoniaid Male Voice Choir, North Wales},
  date         = 2024,
  url          = {http://www.corybrythoniaid.com/home.htm},
  urldate      = {2024-08-03}
}

@Online{bib:6xz64ynw,
  author       = {Hoffman, Matt},
  title        = {Interview: Jia Zhangke and Zhao Tao on `Mountains may depart'},
  date         = 2016,
  url          = {http://scenecreek.com/mountains-may-depart/},
  urldate      = {2024-08-04}
}

@Online{bib:n7kfye4j,
  author       = {festivalnumbersix},
  title        = {Festival No.~6 presents the Brythoniaid Male Voice Choir --- `Go West'},
  date         = 2014,
  url          = {https://www.youtube.com/watch?v=wLr4WM9Io18},
  urldate      = {2024-08-03}
}

@Online{bib:zt0dmft0,
  author       = {Ma, Aliza},
  title        = {Interview: Jia Zhang-ke | Mountains may depart},
  date         = 2016,
  url          = {https://www.filmcomment.com/blog/interview-jia-zhang-ke-mountains-may-depart/},
  urldate      = {2024-08-03}
}

